<record><leader>00000cas a22000007a 4500</leader><controlfield tag="001">20720623</controlfield><controlfield tag="008">891201d18891892ohuwr ne      0    0eng d</controlfield><datafield ind1=" " ind2=" " tag="010"><subfield code="a">sn 89075216 </subfield></datafield><datafield ind1=" " ind2=" " tag="040"><subfield code="a">ONP</subfield><subfield code="b">eng</subfield><subfield code="c">ONP</subfield><subfield code="d">OCLCQ</subfield></datafield><datafield ind1=" " ind2=" " tag="042"><subfield code="a">msc</subfield></datafield><datafield ind1="0" ind2="0" tag="245"><subfield code="a">Wood County sentinel and gazette.</subfield></datafield><datafield ind1=" " ind2=" " tag="260"><subfield code="a">Bowling Green, Ohio :</subfield><subfield code="b">Brewer &amp; Rudulph,</subfield><subfield code="c">1889-1892.</subfield></datafield><datafield ind1=" " ind2=" " tag="300"><subfield code="a">v.</subfield></datafield><datafield ind1=" " ind2=" " tag="310"><subfield code="a">Weekly</subfield></datafield><datafield ind1="0" ind2=" " tag="362"><subfield code="a">Vol. 23, no. 11 (May 2, 1889)-v. 27, no. 21 (June 30, 1892).</subfield></datafield><datafield ind1=" " ind2=" " tag="752"><subfield code="a">United States</subfield><subfield code="b">Ohio</subfield><subfield code="c">Wood</subfield><subfield code="d">Bowling Green.</subfield></datafield><datafield ind1="0" ind2="4" tag="780"><subfield code="t">Wood County sentinel</subfield><subfield code="w">(DLC)sn 85034415</subfield></datafield><datafield ind1="0" ind2="4" tag="780"><subfield code="t">Wood County gazette</subfield><subfield code="w">(DLC)sn 89075215</subfield></datafield><datafield ind1="0" ind2="0" tag="785"><subfield code="t">Wood County sentinel (Bowling Green, Ohio : 1892)</subfield><subfield code="w">(DLC)sn 90068142</subfield></datafield><datafield ind1="1" ind2=" " tag="029"><subfield code="a">AU@</subfield><subfield code="b">000025878275</subfield></datafield></record>